@book{Berger-Grabner2016,
  title = {{Wissenschaftliches Arbeiten in den Wirtschafts- und Sozialwissenschaften. Hilreiche Ttipps und praktische Beispiele}},
  author = {{Berger-Grabner}, Doris},
  year = {2016},
  publisher = {{Wiesbaden}},
  langid = {ngerman}
}

@article{Bjork2017,
  title = {Gold, Green, and Black Open Access},
  author = {Bj{\"o}rk, Bo Christer},
  year = {2017},
  journal = {Learned Publishing},
  volume = {30},
  pages = {173--175},
  mendeley-groups = {VWL-Seminar I}
}

@article{Bohannon2016,
  title = {Who's Downloading Pirated Papers? {{Everyone}}},
  author = {Bohannon, John},
  year = {2016},
  journal = {Science, doi: 10.1126/science.352.6285.508},
  abstract = {In increasing numbers, researchers around the world are turning to Sci-Hub, the controversial website that hosts 50 million pirated papers and counting. Now, with server log data from Alexandra Elbakyan, the neuroscientist who created Sci-Hub in 2011 as a 22-year-old graduate student in Kazakhstan, Science addresses some basic questions: Who are Sci-Hub's users, where are they, and what are they reading? The Sci-Hub data provide the first detailed view of what is becoming the world's de facto open-access research library. Among the revelations that may surprise both fans and foes alike: Sci-Hub users are not limited to the developing world. Some critics of Sci-Hub have complained that many users can access the same papers through their libraries but turn to Sci-Hub instead\dbend for convenience rather than necessity. The data provide some support for that claim. Over the 6 months leading up to March, Sci-Hub served up 28 million documents, with Iran, China, India, Russia, and the United States the leading requestors.}
}

@article{demaryMitDigitalisierungKlimaneutralem2023,
  title = {{Mit Digitalisierung zu klimaneutralem Wachstum und Wohlstand}},
  author = {Demary, Vera and Schaefer, Thilo},
  year = {2023},
  journal = {Wirtschaftsdienst},
  volume = {103},
  number = {7},
  pages = {450--453},
  urldate = {2023-10-10},
  abstract = {Wachstum und Wohlstand in Deutschland scheinen durch die verschiedenen gleichzeitigen Krisen zunehmend unter Druck zu geraten. Die geopolitischen Verwerfungen machen sich hierzulande in gest\"orten Lieferketten und Unsicherheit bei der Energieversorgung bemerkbar, die Auswirkungen des fortschreitenden Klimawandels lassen sich durch die H\"aufung von extremen Wetterereignissen bereits erahnen und der demografische Wandel \"au\ss ert sich vielerorts schon heute in Fachkr\"afteengp\"assen.},
  langid = {ngerman}
}

@book{Detel08_GK_Philosophie4,
  title = {{Grundkurs Philosophie Band 4: Erkenntnis- und Wissenschaftstheorie}},
  author = {Detel, Wolfgang},
  year = {2008},
  publisher = {{Stuttgart}},
  abstract = {S. 48: Formen von Wissen: \"Uberzeugungswissen, Regelwissen, Wissen als Kenntnis (Vertrautheit) S. 50: "Wissen (im Sinne von \"Uberzeugungswissen) ist wahre gest\"utzte Meinung." S. 90: Wissenschatliches Wissen.},
  langid = {ngerman},
  owner = {jan},
  timestamp = {2013.08.05}
}

@article{dirksenWohlstandNeuDenken2023,
  title = {{Wohlstand neu denken und messen}},
  author = {Dirksen, Jakob and de Miranda, Katharina Lima},
  year = {2023},
  journal = {Wirtschaftsdienst},
  volume = {103},
  number = {7},
  pages = {454--459},
  urldate = {2023-10-10},
  abstract = {Um die gro\ss en Herausforderungen zu meistern, vor denen Deutschland heute steht \textendash{} vom Fachkr\"aftemangel bis zum Klimawandel \textendash{} sind konzertierte, transformative politische Anstrengungen notwendig, die auf kollektiven Werten aufbauen und gesellschaftliche Ziele verfolgen. Die Steigerung von Wohlstand muss gerecht erfolgen und darf nicht auf Kosten des sozialen Zusammenhalts oder zuk\"unftiger Generationen gehen. Daf\"ur muss Wohlfahrt neu gedacht und gemessen werden. Produktivit\"atswachstum und materieller Gewinn, gemessen am BIP, sind wichtig, aber als zentrale Zielgr\"o\ss en und Ma\ss stab f\"ur gesellschaftlichen Fortschritt unzureichend. Gemessen werden sollten die Dinge, die wir tats\"achlich wertsch\"atzen. Darunter fallen nicht nur wirtschaftliches Wohlergehen und die Einkommensverteilung, sondern auch andere Dimensionen des Wohlstands, wie soziale Teilhabe, gesellschaftlicher Zusammenhalt, pers\"onliche Entscheidungsfreiheit und Chancen sowie \"okologische Nachhaltigkeit.},
  langid = {ngerman}
}

@article{ElKassar21,
  title = {{Was ist Wissen? Einige philosophische \"uberlegungen}},
  author = {El Kassar, Nadja},
  year = {2021},
  journal = {Aus Politik und Zeitgeschichte},
  volume = {71},
  number = {3-4},
  pages = {4--8},
  langid = {ngerman}
}

@article{gaerditzPolitischeGrammatikWissenschaftsfreiheit,
  title = {{Die politische Grammatik der Wissenschaftsfreiheit}},
  author = {G{\"a}rditz, Klaus Ferdinand},
  journal = {Aus Politik und Zeitgeschichte},
  volume = {71},
  number = {46},
  pages = {10--16},
  abstract = {Wissenschaftsfreiheit ist ein Grundrecht, das in politischen Diskursen oftmals zu einer akademischen Meinungsfreiheit verzwergt wird. Eigentlich entfaltet es aber vor allem Schutz gegen die Risiken politisierender Meinungsk\"ampfe.},
  langid = {ngerman},
  file = {C:\Users\Jan Vo√üwinkel\Zotero\storage\CQJCJQTW\die-politische-grammatik-der-wissenschaftsfreiheit.html}
}

@article{Himmelstein2017,
  title = {Sci-{{Hub}} Provides Access to Nearly All Scholarly Literature},
  author = {Himmelstein, Daniel S and Romero, Ariel R and Tzovaras, Bastian Greshake and Greene, Casey S},
  year = {2017},
  journal = {PeerJ PrePrints, doi: 10.7554/eLife.32822.001},
  doi = {10.7554/eLife.32822.001},
  abstract = {The website Sci-Hub provides access to scholarly literature via full text PDF downloads. The site enables users to access articles that would otherwise be paywalled. Since its creation in 2011, Sci-Hub has grown rapidly in popularity. However, until now, the extent of Sci-Hub's coverage was unclear. As of March 2017, we find that Sci-Hub's database contains 68.9\% of all 81.6 million scholarly articles, which rises to 85.2\% for those published in closed access journals. Furthermore, Sci-Hub contains 77.0\% of the 5.2 million articles published by inactive journals. Coverage varies by discipline, with 92.8\% coverage of articles in chemistry journals compared to 76.3\% for computer science. Coverage also varies by publisher, with the coverage of the largest publisher, Elsevier, at 97.3\%. Our interactive browser at greenelab.github.io/scihub allows users to explore these findings in more detail. Finally, we estimate that over a six month period in 2015\dbend 2016, Sci-Hub provided access for 99.3\% of valid incoming requests. Hence, the scope of this resource suggests the subscription publishing model is becoming unsustainable. For the first time, the overwhelming majority of scholarly literature is available gratis to anyone.},
  keywords = {copyright,data-science,journals,LibGen,literature,open-data,paywalls,piracy,publishing,Sci-Hub}
}

@article{holtemoellerMarktUmweltUnd2023,
  title = {{Markt, Umwelt und Wirtschaftswachstum \textendash{} ein Trilemma?}},
  author = {Holtem{\"o}ller, Oliver},
  year = {2023},
  journal = {Wirtschaftsdienst},
  volume = {103},
  number = {7},
  pages = {437--440},
  urldate = {2023-10-10},
  abstract = {Funktioniert Marktwirtschaft ohne Wirtschaftswachstum? Ist langfristiges Wirtschaftswachstum mit endlichen Ressourcen und Umweltschutz vereinbar? Passen Marktwirtschaft und Umweltschutz zusammen? Die Beantwortung dieser Fragen h\"angt stark davon ab, was man unter den einzelnen Schlagw\"ortern Markt, Umwelt und Wirtschaftswachstum versteht. Eine immerw\"ahrende Ausweitung der Produktion physischer G\"uter f\"ur eine wachsende Weltbev\"olkerung d\"urfte auf Dauer mit Umweltschutz im Sinne von nachhaltigem Ressourceneinsatz nicht vereinbar sein. Umweltqualit\"at wird im Laissez-faire-Marktgleichgewicht aufgrund negativer externer Effekte vernachl\"assigt. Und das langfristige Wirtschaftswachstum kommt in einer reinen Marktwirtschaft etwa aufgrund der positiven externen Effekte von Investitionen in Forschung und Bildung zu kurz. Richtig verstanden passen die drei Elemente jedoch sehr gut zusammen und es gibt keinen Grund, eines davon gegen ein anderes auszuspielen.},
  langid = {ngerman}
}

@article{Kolmer17,
  title = {{Wahrheit. Ein philosophischer Streifzug}},
  author = {Kolmer, Petra},
  year = {2017},
  journal = {Aus Politik und Zeitgeschichte},
  volume = {67},
  number = {13},
  pages = {40--44},
  langid = {ngerman}
}

@article{kurzWachstumsunabhaengigkeitTransformationUnd2023,
  title = {{Wachstumsunabh\"angigkeit: Transformation und Wohlstand erneuern \textendash{} ohne Wachstum}},
  shorttitle = {{Wachstumsunabh\"angigkeit}},
  author = {Kurz, Rudi},
  year = {2023},
  journal = {Wirtschaftsdienst},
  volume = {103},
  number = {7},
  pages = {445--449},
  urldate = {2023-10-10},
  abstract = {Zur Erreichung der \"okologischen Nachhaltigkeitsziele muss in den n\"achsten beiden Jahrzehnten eine ,,Gro\ss e Transformation`` (WBGU, 2011) von Wirtschaft und Gesellschaft gelingen. Dabei soll der Wohlstand der Nation und seiner B\"urger:innen erhalten bleiben. Die Bundesregierung stellt sich dieser Herausforderung jenseits des Krisenmodus, der ihr unter anderem durch den Ukrainekrieg und die Inflation aufgezwungen wird.},
  langid = {ngerman}
}

@article{McKenzie2017,
  title = {Sci-{{Hub}}'s Cache of Pirated Papers Is so Big, Subscription Journals Are Doomed, Data Analyst Suggests},
  author = {McKenzie, Lindsay},
  year = {2017},
  journal = {Science, doi: 10.1126/science.aan7164},
  doi = {10.1126/science.aan7164},
  abstract = {Analysis finds website can fulfill 99\% of requests for scholarly papers}
}

@book{Oehlrich15,
  title = {{Wissenschaftliches Arbeiten und Schreiben. Schritt f\"ur Schritt zur Bachelor- und Masterthesis in den Wirtschaftswissenschaften}},
  author = {Oehlrich, Marcus},
  year = {2019},
  publisher = {{Berlin-Heidelberg}},
  langid = {ngerman},
  owner = {Jan},
  timestamp = {2015.07.24}
}

@article{petersenWachstumOderSchrumpfung2023,
  title = {{Wachstum oder Schrumpfung? Eine Frage der Entkopplung}},
  shorttitle = {{Wachstum oder Schrumpfung?}},
  author = {Petersen, Thie{\ss}},
  year = {2023},
  journal = {Wirtschaftsdienst},
  volume = {103},
  number = {7},
  pages = {441--444},
  urldate = {2023-10-10},
  abstract = {Darf Deutschlands Bruttoinlandsprodukt (BIP) in den n\"achsten Jahren noch wachsen, wenn das Land 2045 klimaneutral sein will, oder muss die Wirtschaft daf\"ur schrumpfen? Diese Frage wird in Wissenschaft und Politik kontrovers diskutiert. Dieser Indikator der gesamtwirtschaftlichen Leistungskraft ist jedoch nicht die Gr\"o\ss e, auf die sich die Wirtschaftspolitik konzentrieren sollte. Entscheidend f\"ur die Frage, ob Klimaneutralit\"at und Wirtschaftswachstum kompatibel sind, ist die Emissionsintensit\"at der Volkswirtschaft \textendash{} und damit die Frage, in welchem Ausma\ss{} es gelingt, die H\"ohe der Treibhausgasemissionen vom Ausma\ss{} der wirtschaftlichen Aktivit\"aten zu entkoppeln.},
  langid = {ngerman}
}

@article{Weingart2017,
  title = {{,,Wahres Wissen`` und demokratisch verfasste Gesellschaft}},
  author = {Weingart, Peter},
  year = {2017},
  journal = {Aus Politik und Zeitgeschichte},
  volume = {67},
  number = {13},
  pages = {11--16},
  langid = {ngerman}
}
